%-*- coding: utf-8; -*-
%%%%%%%%%%%%%%%%%%%%%%%%%%%%%%%%%%%
%    MIXT
%%%%%%%%%%%%%%%%%%%%%%%%%%%%%%%%%%%
%article{змиевскаяпрепринт,
%  title={Препринт № 103 Москва 2008},
%  author={Змиевская, ГИ and Бондарева, АЛ and Иванов, АВ and Покаташкин, ПА}
%}

%article{змиевская1998численное,
%  title={Численное моделирование фазовых переходов второго рода в твердом теле.},
%  author={Змиевская, Галина Ивановна and Иванов, Антон Валерьевич},
%  year={1998}
%}

%article{хилков2012численное,
%  title={Численное моделирование уравнения Фоккера-Планка для ансамбля невзаимодействующих осцилляторов с различными статистиками},
%  author={Хилков, СА and Иванов, АВ},
%  year={2012}
%}
% итальянский сборник
%article{левченкополноволновое,
%  title={ПОЛНОВОЛНОВОЕ МОДЕЛИРОВАНИЕ В ЗАДАЧАХ СЕЙСМОРАЗВЕДКИ С ИСПОЛЬЗОВАНИЕМ ЛОКАЛЬНО-РЕКУРСИВНЫХ НЕЛОКАЛЬНО-АСИНХРОННЫХ (LRnLA) АЛГОРИТМОВ.},
%  author={Левченко, Вадим and Закиров, АВ and Иванов, АВ and Левченко, ТВ and Перепёлкина, А{\TH} and Хилков, СА}
%}

%article{змиевскаяcomputer,
%  title={Computer simulation of the second order phase transition in condened matter},
%  author={Змиевская, ГИ and Иванов, АВ},
%  journal={Препринт},
%  publisher={М.}
%}

@article{aiv:bragin:PP2013,
language={russian},
  title={Локально--адаптивный выбор шага интегрирования в задачах молекулярной динамики},
  author={Брагин, М.Д. and Иванов, А.В.},
  journal={Препринты ИПМ им.~М.В.~Келдыша},
  number={62},
  pages={39},
  year={2013},
  publisher={Институт прикладной математики им. М.В. Келдыша РАН}
}

@article{aiv:liberman2009,
  title={Formation of the preheated zone ahead of a propagating flame and the mechanism underlying the deflagration-to-detonation transition},
  author={Liberman, M.A. and Kuznetsov, M. and Ivanov, A. and Matsukov, I.},
  journal={Physics Letters A},
  volume={373},
  number={5},
  pages={501--510},
  year={2009},
  publisher={Elsevier}
}

@article{aiv:zmi2009,
language={russian},
  title={Блистеринг на тонкой пленке и в слоистой среде},
  author={Бондарева, А.Л. and Змиевская, Г.И. and Иванов, А.В.},
  journal={Прикладная физика},
  number={6},
  pages={91--97},
  year={2009}
}
@article{aiv:blist:PP2008,
language={russian},
  title={Стохастическое моделирование флуктуационной стадии высокотемпературного блистеринга в слоистой среде},
  author={Змиевская, Г.И. and Бондарева, А.Л. and Иванов, А.В. and Покаташкин, П.А.},
  journal={Препринты ИПМ им.~М.В.~Келдыша},
  number={103},
  pages={28},
  year={2008},
  publisher={Институт прикладной математики им. М.В. Келдыша РАН}
}


@article{aiv:ppiam1,
language={russian},
 author = { Змиевская, Г.И. and Иванов, А.В.  },
title={Численное моделирование фазовых переходов второго рода в   твердом теле},
journal = {Препринты ИПМ им.~М.В.~Келдыша},
number= 76, 
year= 1998,
pages = 32
}
@article{aiv:ppiam2,
 author = { Zmievskaya, G.I. and Ivanov, A.V.   },
title={Computer simulation of the second order phase transition in condeced matter},
journal = {Препринты ИПМ им.~М.В.~Келдыша},
number= 78, 
year= 1999,
pages = 28
}

@article{aiv:ICPIG:Warsaw,
 author = { Zmievskaya, G.I. and Ivanov, A.V.  },
title={Numerical simulation of the phase transition second order in condenced matter},
journal={Proc. of XXIVth Int.Conf.  on <<Phenomena in Ionized Gases>>, Warsaw, Poland}, 
year=1999, 
volume= {IV}, 
pages={59--60}
}
% July 11--16, 
@article{aiv:ICPIG:Sydney,
 author = { Zmievskaya, G.I. and Ivanov, A.V.  },
title={Second-Order Phase Transition using Stochastic Simulation and Surface Microstructure Formation},
journal={ Proc. of 22th Int.Conf. on <<Rarefied Gas Dynamics>>, Sydney}, 
year=2000
}
% July 9--14, 

@article{aiv:Elbrus05,
language={russian},
 author = { Иванов, А.В. and Левченко, В.Д. },
title={ Применение пакета RACS для управления и анализа результатов
  параллельного кинетического моделирования взаимодействия мощного
  лазерного излучения с веществом},
journal= {Труды международной конференции <<Физика Экстремальных Состояний
  Вещества---2005>>, Росиия, пос.Эльбрус}, 
year=  2005, 
pages= { 28--29 }
}
%, 1--6 марта

@article{aiv:Elbrus06,
language={russian},
 author = { Иванов, А.В. },
title = {Гибридное кинетическое моделирование динамики конденсированных сред},
year=  2006, 
journal= {Труды международной конференции <<Уравнения состояния вещества---2006>>, Россия, пос.Эльбрус}, 
pages= { 58--60 }
}
%, 1--6 марта

@Article{aiv:MIPT:2006,
language={russian},
 author = { Иванов, А.В. },
title={Гибридное кинетическое моделирование динамики магнетиков},
journal = {Труды 49-й научной конференции МФТИ},
pages = {254--256},
year=2006
}
@Article{aiv:MIPT:2006:Hus,
language={russian},
 author = { Иванов, А.В. and Хусейнов. Д.Т. },
title={Кинетическое моделирование напыления тонких пленок},
journal = {Труды 49-й научной конференции МФТИ},
pages = {251--253},
year=2006
}
@Article{aiv:RGD:SPb,
 author = { Bondareva, A.L. and Zmievskaya, G.I. and Ivanov, A.V.},
title = {Plasma surface interaction: thin film formation},
journal = {Proc. 25-th International Symposium of Rarefied Gas Dynamics <<RGD25>>, Saint-Petersburg, Russia, July 21-28, 2006 },
year=2007,
editor = {M.S. Ivanov and A.K. Rebrov},
address = {Novosibirsk},
pages = {715--719}
}

%%%%%%%%%%%%%%%%%%%%%%
%   LIGHT FPE (MSU)
%%%%%%%%%%%%%%%%%%%%%%
@article{aiv:light2011,
  title={Numerical simulation of light propagation through a diffuser},
  author={Dmitriev, A.V. and Ivanov, A.V. and Khokhlov, A.R.},
  journal={Journal of Mathematical Sciences},
  volume={172},
  number={6},
  pages={782--787},
  year={2011},
  publisher={Springer},
  url={https://doi.org/10.1007\%2Fs10958-011-0221-1}
}

@article{aiv:light2009,
  title={Numerical simulation of light propagation through a diffuser},
  author={Dmitriev, A.V. and Ivanov, A.V. and Khokhlov, A.R.},
  journal={Fundamentalnaya i Prikladnaya Matematika},
  volume={15},
  number={6},
  pages={33--41},
  year={2009},
  publisher={Lomonosov Moscow State University},
  url={http://www.mathnet.ru/links/bd292be9356bf0e23571a74fa838c9bf/fpm1257.pdf}
}
@article{aiv:light2009eng,
language={russian},
  title={Численное моделирование распространения света через диффузор},
  author={Дмитриев, А.В. and Иванов, А.В. and Хохлов, А.Р.},
  journal={Фундаментальная и прикладная математика},
  volume={15},
  number={6},
  pages={33--41},
  year={2009},
  publisher={Московский государственный Университет имени М.В. Ломоносова},
  url={http://www.mathnet.ru/links/bd292be9356bf0e23571a74fa838c9bf/fpm1257.pdf}
}

%%%%%%%%%%%%%%%%%%%%%%%%%%%%%%%%%%%%
%   AIWLIB
%%%%%%%%%%%%%%%%%%%%%%%%%%%%%%%%%%%%
@article{aiv:racs2007,
language={russian},
  title={Система контроля результатов и алгоритмов для задач численного моделирования},
  author={Иванов, А.В.},
  journal={Автоматизация и современные технологии},
  number={12},
  pages={29--34},
  year={2007}
}
@article{aiv:symbalg:MM2015,
language={russian},
  title={Пример автоматической генерации кода приложения численного моделирования для решения уравнения Фоккера--Планка},
  author={Жданов, С.А. and Иванов, А.В.},
  journal={Математическое моделирование},
  volume={27},
  number={9},
  pages={49--64},
  year={2015},
  publisher={Российская Академия наук, Отделение математических наук}
}

%article{ивановбиблиотека,
%  title={Библиотека aivlib 0.41 $\alpha$},
%  author={Иванов, АВ and Хилков, СА and Жданов, СА}
%}

%  title={Using the library aiwlib on the example of numerical modeling of stochastic resonance},
@article{aiwlib:SR:PP2018,
language={russian},
  title={Использование библиотеки aiwlib на примере численного моделирования стохастического резонанса},
  author={Иванов, А.В.},
  journal={Препринты ИПМ им.~М.В.~Келдыша},
  number={89},
  pages={30},
  year={2018},
  url={https://doi.org/10.20948/prepr-2018-89}
}
@article{aiwlib:SR:PP2018:eng,
  title={Using the library aiwlib on the example of numerical modeling of stochastic resonance},
  author={Ivanov, A.V.},
  journal={Keldysh Institute Preprints},
  number={89},
  pages={30},
  year={2018},
  url={https://doi.org/10.20948/prepr-2018-89}
}
@article{aiwlib:git,
language={russian},
  title={Библиотека aiwlib},
  author={Иванов, А.В. and Хилков, С.А.},
  journal={URL: https://github.com/aivn/aiwlib/blob/master/doc/aiwlib.pdf}
}

@article{aiwlib:SV2018,
language={russian},
    title={Библиотека aiwlib~--- инструмент для создания приложений численного моделирования, визуализации и анализа результатов},
    author={Иванов, А.В.  and Хилков, С.А.},
    journal={Научная визуализация},
    volume={10},
        number={1},
    pages={110-127},
    year={2018},
	url={https://doi.org/10.26583/sv.10.1.09}
}

@article{aiwlib:SV2018eng,
  title={Aiwlib library as the instrument for creating numerical modeling applications},
  author={Ivanov, A. and Khilkov, S.},
  journal={Scientific Visualization},
  volume={10},
  number={1},
  pages={110--127},
  year={2018},
  url={https://doi.org/10.26583/sv.10.1.09}
}


@article{zamr:2021,
  title={Zipped Data Structure for Adaptive Mesh Refinement},
  author={Ivanov, Anton and Perepelkina, Anastasia},
  journal={V. Malyshkin (Ed.): Parallel Computing Technologies. PaCT 2021},
  volume={12942},
  pages={245-259},
  year={2021},
  url={https://doi.org/10.1007/978-3-030-86359-3_19}
}


%%%%%%%%%%%%%%%%%%%%%%%%%%%%%%%%%%%%
%   GEOSYS
%%%%%%%%%%%%%%%%%%%%%%%%%%%%%%%%%%%%
@article{aiv:geo2006,
language={russian},
  title={Вычисление полного сейсмического волнового поля в геосреде на основе нового метода решения прямых задач сейсмоакустики.},
  author={Иванов, А.В. and Каплан, С.А. and Каракин, А.В. and Левченко, Т.В. and Левченко, В.Д. and Рок, В.Е.},
  journal={Геоинформатика},
  number={3},
  pages={59--61},
  year={2006},
  publisher={Федеральное государственное унитарное предприятие Государственный научный~…}
}
@inproceedings{aiv:geo2017,
language={russian},
  title={Высокопроизводительное динамическое 3D моделирование полноволнового сейсмического поля в задачах сейсморазведки. Опыт применения в условиях различных сейсмо-геологических регионов},
  author={Левченко, В.Д. and Перепёлкина, А.Ю. and Иванов, А.В. and Закиров, А.В. and Левченко, Т.В. and Рок, В.Е.},
  booktitle={Суперкомпьютерные технологии в нефтегазовой отрасли. Математические методы, программное и аппаратное обеспечение},
  pages={49--53},
  year={2017}
}



%%%%%%%%%%%%%%%%%%%%%%%%%%%
%   MAGNETICS
%%%%%%%%%%%%%%%%%%%%%%%%%%%
@article{aiv:MM2007,
language={russian},
  title={Кинетическое моделирование динамики магнетиков},
  author={Иванов, А.В.},
  journal={Математическое моделирование},
  volume={19},
  number={10},
  pages={89--104},
  year={2007},
  publisher={Российская Академия наук, Отделение математических наук},
  url={http://www.mathnet.ru/links/82020fa1add2512759e063c1cb0a7ebf/mm1204.pdf}
}
@article{aiv:MM2007eng,
  title={Kinetic modeling of magnetic’s dynamic},
  author={Ivanov, A.V.},
  journal={Mathematical Models and Computer Simulations},
  volume={19},
  number={10},
  pages={89--104},
  year={2007},
  publisher={Russian Academy of Sciences, Department of Mathematical Sciences},
  url={http://www.mathnet.ru/links/82020fa1add2512759e063c1cb0a7ebf/mm1204.pdf}
}
@article{aiv:SR:MM2015,
language={russian},
  title={Резонансные свойства суперпарамагнетиков при малых амплитудах внешнего периодического поля},
  author={Хилков, С.А. and Иванов, А.В.},
  journal={Математическое моделирование},
  volume={27},
  number={8},
  pages={96--110},
  year={2015},
  publisher={Российская Академия наук, Отделение математических наук},
  url={http://www.mathnet.ru/links/88e81895c24ff41f84a18d83a2deb97b/mm3640.pdf}
}

@article{aiv:FPE:PP2014,
	Author = {Khilkov, S.A.  and Ivanov, A.V.},
	Journal = {Keldysh Institute Preprint},
	language = {english},
    ISSN={2071-2901},
	Pages = {1-16},
	Title = {Numerical simulation of the magnetic moment distribution evolution for superparamagnetic materials},
	Number = {29},
	Year = {2014},
	url={https://keldysh.ru/papers/2014/prep2014\_29\_eng.pdf}
}
@article{aiv:phase:osc:PP2016,
language={russian},
  title={К вопросу о кинетическом моделировании цепочки фазовых осцилляторов},
  author={Иванов, А.В. and Хилков, С.А.},
  journal={Препринты ИПМ им.~М.В.~Келдыша},
  number={130},
  pages={20},
  year={2016},
  url={https://doi.org/10.20948/prepr-2016-130}
}
@article{aiv:magnscheme:MM2014,
language={russian},
  title={Выбор оптимальной численной схемы для моделирования системы уравнений Ландау--Лифшица c учетом температурных флуктуаций},
  author={Зипунова, Е.В. and Иванов, А.В.},
  journal={Математическое моделирование},
  volume={26},
  number={2},
  pages={33--49},
  year={2014},
  publisher={Российская Академия наук, Отделение математических наук},
  url={http://www.mathnet.ru/links/f80cd33bca6853dfd290a903780e7565/mm3447.pdf}
}
@article{aiv:magnscheme:MM2014eng,
  title={Selection of an optimal numerical scheme  for simulation system of the Landau--Lifshitz equations considering temperature fluctuations},
  author={Zipunova, E.V. and Ivanov, A.V.},
  journal={Mathematical Models and Computer Simulations},
  volume={26},
  number={2},
  pages={33--49},
  year={2014},
  publisher={Russian Academy of Sciences, Department of Mathematical Sciences},
  url={http://www.mathnet.ru/links/f80cd33bca6853dfd290a903780e7565/mm3447.pdf}
}

%misc{иванов2007кинетическое,
%  title={КИНЕТИЧЕСКОЕ МОДЕЛИРОВАНИЕ ДИНАМИКИ НАПЫЛЕНИЯ ТОНКИХ МАГНИТНЫХ ПЛЕНОК},
%  author={Иванов, АВ},
%  year={2007},
%  publisher={Звенигород}
%}

@article{aiv:kinet:MM2016,
  language={russian},
  title={Моделирование сильно неравновесных процессов в магнетиках на основе уравнений физической кинетики},
  author={Хилков, С.А. and Иванов, А.В. and  Зипунова, Е.В.},
  journal={Математическое моделирование},
  volume={5},
  number={28},
  pages={24--31},
  year={2016},
  publisher={Российская Академия наук, Отделение математических наук},
  url={http://www.mathnet.ru/links/cdce0a7282643aa05782702b4e06c7f6/mm3727.pdf}
}
@article{aiv:kinet:MM2016eng,
  title={Numerical simulation of strongly nonequilibrium processes in magnets based on physical kinetics equations},
  author={Khilkov, S.A. and Ivanov, A.V. and Zipunova, E.V.},
  journal={Mathematical Models and Computer Simulations},
  volume={8},
  number={6},
  pages={703--708},
  year={2016},
  publisher={Springer},
  url={https://doi.org/10.1134/S2070048216060107}
}

@article{aiv:kinet:PP2017,
language={russian},
  title={Бета--аппроксимация двухчастичной функции распределения при описании цепочек фазовых осцилляторов},
  author={Иванов, А.В. and Хилков, С.А.},
  journal={Препринты ИПМ им.~М.В.~Келдыша},
  number={87},
  pages={19},
  year={2017},
  url={https://doi.org/10.20948/prepr-2017-87}
}
@article{aiv:kinet:PP2017eng,
  title={Beta–approximation of the two–particle distribution function for the chainsof phase oscillators},
  author={Ivanov, A.V. and Khilkov, S.A.},
  journal={Keldysh Institute Preprints},
  number={87},
  pages={19},
  year={2017},
  url={https://doi.org/10.20948/prepr-2017-87}
}
@article{aiv:testing:PP2017,
language={russian},
  title={К вопросу о тестировании программных комплексов для моделирования магнетиков},
  author={Зипунова, Е.В. and Иванов, А.В.},
  journal={Препринты ИПМ им.~М.В.~Келдыша},
  number={98},
  pages={30},
  year={2017},
  url={https://doi.org/10.20948/prepr-2017-98}
}

@article{aiv:scheme:PP2017,
language={russian},
  title={Две новые численные схемы для моделирования магнетиков},
  author={Зипунова, Е.В. and Иванов, А.В.},
  journal={Препринты ИПМ им.~М.В.~Келдыша},
  number={140},
  pages={18},
  year={2017},
  url={https://doi.org/10.20948/prepr-2017-140}
}
@article{aiv:scheme:PP2017eng,
  title={Two new numerical schemes for the modeling of magnets},
  author={Zipunova, E,V. and Ivanov, A.V.},
  journal={Keldysh Institute Preprints},
  number={140},
  pages={18},
  year={2017},
  url={https://doi.org/10.20948/prepr-2017-140}
}


@article{aiv:FAF:PP2018,
language={russian},
  title={Модель анизотропии на скомпенсированном интерфейсе кубический ферромагнетик--антиферромагнетик со структурой Cu$_3$ Au (L1$_2$)},
  author={Иванов, А.В. and Зипунова, Е.В. and Книжник, А.А. and Попков, А.Ф.},
  journal={Препринты ИПМ им.~М.В.~Келдыша},
  number={63},
  pages={31},
  year={2018},
  url={https://doi.org/10.20948/prepr-2018-63}
}

@article{aiv:demag:PP2018,
language={russian},
  title={К вопросу о расчете поля демагнетизации быстрым мультипольным методом},
  author={Зипунова, Е.В. and Иванов, А.В.},
  journal={Препринты ИПМ им.~М.В.~Келдыша},
  number={140},
  pages={19},
  year={2018},
  url={https://doi.org/10.20948/prepr-2018-140}
}
@article{aiv:demag:PP2018eng,
  title={On the question of calculating the demagnetization field by the fast multipolemethod},
  author={Zipunova, E.V. and Ivanov, A.V.},
  journal={Keldysh Institute Preprints},
  number={140},
  pages={19},
  year={2018},
   url={https://doi.org/10.20948/prepr-2018-140}
}

%article{fouriest,
%  title={The Fouriest: High-Performance Micromagnetic Simulation of Spintronic Materials and Devices}
%}
@inproceedings{aiv:fouriest2019,
  title={The Fouriest: High-Performance Micromagnetic Simulation of Spintronic Materials and Devices},
  author={Pershin, I. and Knizhnik, A. and Levchenko, V. and Ivanov, A. and Potapkin, B.},
  booktitle={Intelligent Computing-Proceedings of the Computing Conference},
  pages={209--231},
  year={2019},
  organization={Springer},
  url={https://doi.org/10.1007/978-3-030-22871-2\_16}
}


@article{aiv:Z:PP2019,
language={russian},
  title={Расчет статистической суммы и аппроксимация многочастичных функций распределения  для магнетиков в модели Гейзенберга},
  author={Иванов, А.В.},
  journal={Препринты ИПМ им.~М.В.~Келдыша},
  number={104},
  pages={12},
  year={2019},
  url={ https://doi.org/10.20948/prepr-2019-104}
}
@article{aiv:Z:PP2019:eng,
  title={Calculation of the statistical sum and approximation of multiparticle distribution functions for magnetics in the Heisenberg model},
  author={Ivanov, A.V.},
  journal={Keldysh Institute Preprints},
  volume={104},
  pages={12},
  year={2019},
  url={ https://doi.org/10.20948/prepr-2019-104}
}


@article{aiv:LLB:coeff:PP2019,
language={russian},
  title={Аппроксимация коэффициентов уравнения Ландау--Лифшица--Блоха при микромагнитном моделировании},
  author={Иванов, А.В.},
  journal={Препринты ИПМ им.~М.В.~Келдыша},
  number={105},
  pages={16},
  year={2019},
  url={https://doi.org/10.20948/prepr-2019-105}
}
%  title={Approximation of the coefficients of the Landau–Lifshitz–Bloch equation in micromagnetic modeling},
@article{aiv:LLB:coeff:PP2019:eng,
  title={Approximating Landau--Lifshitz--Bloch Coefficients in Micromagnetic Simulation},
  author={Ivanov, A.V.},
  journal={Keldysh Institute Preprints},
  volume={105},
  pages={16},
  year={2019},
  url={https://doi.org/10.20948/prepr-2019-105-e} 
}


@article{aiv:CMD:PP2019,
language={russian},
  title={Учет корреляций между ближайшими соседями при микромагнитном моделировании},
  author={Иванов, А.В.},
  journal={Препринты ИПМ им.~М.В.~Келдыша},
  number={118},
  pages={30},
  year={2019},
  url={https://doi.org/10.20948/prepr-2019-118}
}
@article{aiv:CMD:PP2019:eng,
  title={The account for correlations between nearest neighbors in micromagnetic modeling},
  author={Ivanov, A.V.},
  journal={Keldysh Institute Preprints},
  volume={118},
  pages={30},
  year={2019},
  url={https://doi.org/10.20948/prepr-2019-118}
}
@article{aiv:CMD:metanano:2020,
  language={english},
  title={Micromagnetic modeling with account for the correlations between closest neighbors},
  author={Ivanov, A.V. and Zipunova, E.V},
  journal={AIP Conference Proceedings},
  volume={2300},
  number={1},
  pages={020050},
  year={2020},
  publisher={AIP Publishing LLC},
  url={https://doi.org/10.1063/5.0032075}
}
@article{aiv:CMD:hse:2020,
  title={Approximation of Multiparticle Distribution Function in Micromagnetic Modeling},
  author={Ivanov, Anton and Khilkov, Sergey and Zipunova, Elizaveta},
  year={2021},
  volume={1740},
  pages={012025},
  journal={Journal of Physics: Conference Series},
  publisher={IOP Publishing},
  url={https://doi.org/10.1088/1742-6596/1740/1/012025}  
}

@article{aiv:CMD:PP2021,
language={russian},
  title={Аппроксимация многочастичных функций распределения для ферромагнетиков с различными кристаллическими решетками},
  author={Иванов, А.В.},
  journal={Препринты ИПМ им.~М.В.~Келдыша},
  number={11},
  pages={22},
  year={2021},
  url={https://doi.org/10.20948/prepr-2021-11}
}
@article{aiv:CMD:PP2021:eng,
  title={Approximation of many-particle distribution functions for ferromagnetics with different crystal lattices},
  author={Ivanov, A.V.},
  journal={Keldysh Institute Preprints},
  number={11},
  pages={22},
  year={2021},
  url={https://doi.org/10.20948/prepr-2021-11}
}



@article{aiv:CMD:RSCD2021,
  title={Calculation of Integral Coefficients for Correlation Magnetodynamics and Verification of the Theory},
  author={Ivanov, Anton and Zipunova, Elizaveta and Khilkov, Sergey},
  journal={Supercomputing. RuSCDays 2021. Communications in Computer and Information Science},
  volume={1510},
  pages={29--43},
  year={2021},
  publisher={Springer, Cham.},
  editors={ Voevodin, V. and Sobolev, S.},
  url={https://doi.org/10.1007/978-3-030-92864-3_3}
}

@article{aiv:CMD:JETPL2022,
language={russian},
  title={Уравнения корреляционной магнитодинамики для ферромагнетиков},
  author={Иванов, А.В. and Зипунова, Е.В. and  Хилков, С.А.},
  journal={Письма в ЖЭТФ},
  number={3},
  volume={115},
  pages={176--183},
  year={2022},
  url={https://doi.org/10.31857/S1234567822030077}
}
@article{aiv:CMD:JETPL2022:eng,
  title={Equations of Correlational Magnetodynamics for Ferromagnetic Materials},
  author={Ivanov, A.V. and Zipunova, E.V. and Khilkov, S.A.},
  journal={Jetp Lett.},
  year={2022},
  url={https://doi.org/10.1134/S0021364022030018}
}

%%%%%%%%%%%%%%%%%%%%%%%%%%%
%   KINTECH
%%%%%%%%%%%%%%%%%%%%%%%%%%%
@article{aiv:mram:rosnano2015,
language={russian},
  title={Моделирование фазовых диаграмм переключения для термоассистированных наноприборов MRAM},
  author={Искандарова, И.М. and Иванов, А.В. and Книжник, А.А. and Попков, А.Ф. and Потапкин, Б.В. and Скирдков, П.Н. and Звездин, К.А.},
  journal={Российские нанотехнологии},
  volume={10},
  number={11-12},
  pages={112--117},
  year={2015},
  publisher={Общество с ограниченной ответственностью Парк-медиа}
}
@article{aiv:mram:rosnano2016,
  title={Simulation of switching maps for thermally assisted MRAM nanodevices},
  author={Iskandarova, I.M. and Ivanov, A.V. and Knizhnik, A.A. and Popkov, A.F. and Potapkin, B.V. and Skirdkov, P.N. and Zvezdin, K.A. and Stainer, Q. and Lombard, L. and Mackay, K.},
  journal={Nanotechnologies in Russia},
  volume={11},
  number={3-4},
  pages={208--214},
  year={2016},
  publisher={Springer}
}

@article{aiv:kintech2016,
language={russian},
  title={Программный пакет для приборно-технологического моделирования спинтронных приборов на основе магнитных туннельных переходов},
  author={Горячев, И.А. and Демин, Г.Д. and Звездин, К.А. and Зипунова, Е.В. and Иванов, А.В. and Искандарова, И.М. and Книжник, А.А. and Левченко, В.Д. and Попков, А.Ф. and Потапкин, Б.В. and Соловьев, С.В.},
  journal={Проблемы разработки перспективных микро- и наноэлектронных систем (МЭС)},
  number={4},
  pages={237--244},
  publisher={Федеральное государственное бюджетное учреждение науки Институт проблем проектирования в микроэлектронике Российской академии наук},
  year={2016},
  url={https://www.elibrary.ru/download/elibrary\_27150152\_99870583.pdf}
}
@article{aiv:kintech2016eng,
  title={Software package for technology computer-aided design of spintronic devices based on magnetic tunneling junctions},
  author={Goryachev, I.A. and Demin, G.D. and Zvezdin, K.A. and Zipunova, E.V. and 
Ivanov, A.V. and Iskandarova, I.M. and Knizhnik, A.A. and Levchenko, V.D. and Popkov, A.F. and Potapkin, B.V. and Solov'ev, S.V.},
  journal={Problems of Advanced Micro- and Nanoelectronic Systems Development (MES)},
  number={4},
  pages={237--244},
  publisher={Federal State-Funded Institution of Science Institute for Design Problems in Microelectronics of Russian Academy of Sciences (IPPM RAS)},
  year={2016}
}

@article{aiv:rosnano2017eng,
  title={A software package for computer-aided design of spintronic nanodevices},
  author={Knizhnik, A.A. and Goryachev, I.A. and Demin, G.D. and Zvezdin, K.A. and Zipunova, E.V. and Ivanov, A.V. and Iskandarova, I.M. and Levchenko, V.D. and Popkov, A.F. and Solov’ev, S.V. and Potapkin, B.V.},
  journal={Nanotechnologies in Russia},
  volume={12},
  number={3-4},
  pages={208--217},
  year={2017},
  publisher={Springer},
  url={https://doi.org/10.1134/S1995078017020082}
}
@article{aiv:rosnano2017,
language={russian},
  title={Программный комплекс для компьютерного дизайна спинтронных наноприборов},
  author={Книжник, А.А. and Горячев, И.А. and Демин, Г.Д. and Звездин, К.А. and Зипунова, Е.В. and Иванов, А.В. and Искандарова, И.М. and Левченко, В.Д. and Попков, А.Ф. and Соловьёв, С.В. and Потапкин, Б.В.},
  journal={Российские нанотехнологии},
  volume={12},
  number={3-4},
  pages={76--83},
  year={2017},
  publisher={Общество с ограниченной ответственностью Парк-медиа}
}




%%%%%%%%%%%%%%%%%%%%%%%%%%%%%%%%%%
%   GEOMECH
%%%%%%%%%%%%%%%%%%%%%%%%%%%%%%%%%%

@article{aiv:geomech:PP2017,
language={russian},
  title={Численное моделирование задач пороупругости},
  author={Борисов, В.Е. and Иванов, А.В. and Критский, Б.В. and Меньшов, И.С. and Савенков, Е.Б.},
  journal={Препринты ИПМ им.~М.В.~Келдыша},
  number={81},
  pages={36},
  year={2017}
}

@inproceedings{aiv:geomech:2018,
language={russian},
  title={Опыт применения математического моделирования для анализа результатов фильтрационных лабораторных экспериментов},
  author={Борисов, В.Е. and Зенченко, Е.В. and Иванов, А.В. and Критский, Б.В. and Меньшов, И.С. and Савенков, Е.Б. and Тримонова, М.А. and Турунтаев, С.Б.},
  booktitle={Физическое и математическое моделирование процессов в геосредах},
  pages={26--27},
  year={2018}
}




%%%%%%%%%%%%%%%%%%%%%%%%%%%%%%%%%%
%   PSDM3D
%%%%%%%%%%%%%%%%%%%%%%%%%%%%%%%%%%
@inproceedings{aiv:psdm:2017,
language={russian},
  title={Опыт разработки многолучевой 3-D глубинной сейсмической миграции до суммирования с сохранением амплитуд и предварительные результаты ее тестирования с использованием суперкомпьютерных мощностей},
  author={Иванов, А.В. and Левченко, В.Д. and Плешкевич, А.Л.},
  booktitle={Суперкомпьютерные технологии в нефтегазовой отрасли. Математические методы, программное и аппаратное обеспечение},
  pages={30--34},
  year={2017}
}


@article{aiv:psdm:GP2017,
language={russian},
  title={Многолучевая 3D-глубинная сейсмическая миграция до суммирования с сохранением амплитуд},
  author={Плешкевич, А.Л. and Иванов, А.В. and Левченко, В.Д. and Хилков, С.А.},
  journal={Геофизика},
  number={S},
  pages={76--84},
  year={2017},
  publisher={Межрегиональная общественная организация Евро-Азиатское геофизическое общество}
}
@article{aiv:psdm:2019,
  title={Efficient Parallel Implementation of Multi-Arrival 3D Prestack Seismic Depth Migration},
  author={Pleshkevich, A.L. and Ivanov, A.V. and Levchenko, V.D. and Khilkov, S.A. and Moroz, B.P.},
  journal={Supercomputing Frontiers and Innovations},
  volume={6},
  number={1},
  pages={4--8},
  year={2019}
}
@article{aiv:psdm:2020,
  title={Kirchhoff-Type Implementation of Multi-Arrival 3-D Seismic Depth Migration with Amplitudes Preserved},
  author={Pleshkevich, A.L. and Ivanov, A.V. and Levchenko, V.D. and Khilkov, S.A.},
  journal={Voevodin V., Sobolev S. (eds) Supercomputing. RuSCDays 2020. Communications in Computer and Information Science},
  publisher={Springer, Cham},
  volume={1331},
  year={2020},
  url={https://doi.org/10.1007/978-3-030-64616-5\_21}
}



%%%%%%%%%%%%%%%%%%%%%
@article{lev:DiamondSeism2017:patient,
  title={DiamondSeism (DT/geo4)},
  author={Левченко, Вадим Дмитриевич and Левченко, Татьяна Викторовна and Перепёлкина, Анастасия Юрьевна and Закиров, Андрей Владимирович and Иванов, Антон Валерьевич and Хилков, Сергей Андреевич and Жданов, Сергей Александрович},
  year={2017}
}

@article{liza:sav:PP2020,
  title={Решение уравнения смазочного слоя на эволюционирующих поверхностях},
  author={Зипунова, Елизавета Вячеславовна and Иванов, Антон Валерьевич and Савенков, Евгений Борисович},
  journal={Препринты ИПМ им.~М.В.~Келдыша},
  number={0},
  pages={13--20},
  year={2020},
  publisher={Институт прикладной математики им. МВ Келдыша РАН}
}

@article{aiw:CP:SV2017,
  title={Моделирование и визуальное представление динамики поверхности с подвижным краем на стационарной неструктурированной сетке},
  author={Иванов, А.В. and Савенков, Е.Б.},
  journal={Научная визуализация},
  volume={9},
  number={2},
  pages={64--81},
  year={2017},
  publisher={Федеральное государственное автономное образовательное учреждение высшего~…}
}

@article{savenkov:CP:PP2020,
  title={Реализация метода множеств уровня для расчета геометрической эволюции трещины с применением сеточно-характеристического метода},
  author={Савенков, Е.Б. and Иванов, А.В.},
  journal={Препринты ИПМ им. МВ Келдыша},
  number={47},
  pages={1--32},
  year={2020}
}

@article{потапкин2017atomagic,
  title={atomagic},
  author={Потапкин, Борис Васильевич and Горячев, Иван Александрович and Левченко, Вадим Дмитриевич and Зипунова, Елизавета Вячеславовна and Иванов, Антон Валерьевич and Хилков, Сергей Андреевич and Попков, Анатолий Федорович and Книжник, Андрей Александрович},
  year={2017}
}

@article{borisov:hfrac3d:PP2020:rus,
  title={Программный комплекс HFrac3D++ для решения задач геомеханики с учетом крупномасштабных флюидонаполненных трещин},
  author={Борисов, Виталий Евгеньевич and Зипунова, Елизавета Вячеславовна and Иванов, Антон Валерьевич and Критский, Борис Викторович and Савенков, Евгений Борисович},
  journal={Препринты ИПМ им.~М.В.~Келдыша},
  number={0},
  pages={46--20},
  year={2020},
  publisher={Институт прикладной математики им. МВ Келдыша РАН}
}

@article{борисов2019программный,
  title={Программный комплекс HFrac3D++ для анализа процесса гидроразрыва пласта в рамках расширенной постановки на высокопроизводительных вычислительных системах},
  author={Борисов, Виталий Евгеньевич and Зипунова, Елизавета Вячеславовна and Иванов, Антон Валерьевич and Критский, Борис Викторович and Меньшов, Игорь Станиславович and Савенков, Евгений Борисович},
  year={2019}
}

@article{borisov:hfrac3d:PP2020,
  title={HFrac3D++ code for geomechanics problems with large scale fluid-filled fractures},
  author={Borisov, Vitaly Evgenyevich and Zipunova, Elizaveta Vyacheslavovna and Ivanov, Anton Valer'evich and Kritskiy, Boris Viktorovich and Savenkov, Evgenii Borisovich},
  journal={Keldysh Institute Preprints},
  number={46},
  pages={1--20},
  year={2020}
}

@article{liza:CP:2020,
  title={Application of the closest point projection method to solution of Reynold’s lubrication equations on evolving surfaces},
  author={Zipunova, E and Ivanov, A and Savenkov, E},
  journal={MATHEMATICA MONTISNIGRI},
  volume={47},
  year={2020}
}

@article{liza:fluids:2020,
  title={Solution of Reynolds lubrication equation on evolving surfaces},
  author={Zipunova, Elizaveta Vyacheslavovna and Ivanov, Anton Valer'evich and Savenkov, Evgenii Borisovich},
  journal={Keldysh Institute preprints},
  number={13},
  pages={1--20},
  year={2020}
}

@inproceedings{aiv:LRnLA:AMR:2020,
  title={Management of Computations with LRnLA Algorithms in Adaptive Mesh Refinement Codes},
  author={Ivanov, Anton and Levchenko, Vadim and Korneev, Boris and Perepelkina, Anastasia},
  booktitle={Russian Supercomputing Days},
  pages={25--36},
  year={2020},
  organization={Springer}
}

@inproceedings{korneev:localRK:2021,
  title={Local high-order conservative space--time adaptive mesh refinement with the Runge--Kutta time integration for solving the systems of conservation laws},
  author={Korneev, B.A. and Levchenko, V.D. and Ivanov, A.V. and Zakirov, A.V.},
  booktitle={Journal of Physics: Conference Series},
  volume={1740},
  number={1},
  pages={012055},
  year={2021},
  organization={IOP Publishing}
}

@inproceedings{borisov:fluids:2020,
  title={Математическое моделирование динамики развития флюидонаполненной трещины в пороупругой среде},
  author={Борисов, В.Е. and Зипунова, Е.В. and Иванов, А.В. and Критский, Б.В. and Савенков, Е.Б.},
  booktitle={Математическое моделирование в естественных науках},
  pages={17--17},
  year={2020}
}

@article{zmi:PP2020,
  title={Моделирование неравновесных процессов методом стохастической молекулярной динамики: столкновения},
  author={Змиевская, Г.И. and  Левченко, Т.В. and Майно, Д. and Аверина, Т.А. and др.},
  journal={Препринты ИПМ им. М.В. Келдыша},
  number={126},
  pages={1--40},
  year={2020}
}

@article{borisov:fluids:2021,
  title={Вычислительные алгоритмы для моделирования динамики развития флюидонаполненной трещины в пороупругой среде},
  author={Борисов, В.Е. and Иванов, А.В. and Критский, Б.В. and Савенков, Е.Б.},
  journal={Вестник Пермского национального исследовательского политехнического университета. Механика},
  number={2},
  pages={24--35},
  year={2021},
  publisher={Федеральное государственное бюджетное образовательное учреждение высшего~…}
}
